<?xml version="1.0" encoding="UTF-8"?><collection xmlns="http://www.loc.gov/MARC21/slim"><record><leader>00325nam--2200133-i-4500</leader><controlfield tag="001">000029534</controlfield><controlfield tag="002">20161230</controlfield><controlfield tag="005">20161230201037</controlfield><controlfield tag="008">060222s1000------------r-----000-0-eng-d</controlfield><datafield ind1=" " ind2=" " tag="080"><subfield code="a">681.324:55</subfield></datafield><datafield ind1=" " ind2=" " tag="100"><subfield code="a">Loudon, T.V</subfield></datafield><datafield ind1=" " ind2=" " tag="245"><subfield code="a">Computer methods in geology</subfield></datafield><datafield ind1=" " ind2=" " tag="260"><subfield code="a">London, Academic Press, 1979, X + 269p</subfield></datafield><datafield ind1=" " ind2=" " tag="852"><subfield code="a">47986</subfield></datafield></record></collection>